@article{bai2018empirical,
  title={An empirical evaluation of generic convolutional and recurrent networks for sequence modeling},
  author={Bai, Shaojie and Kolter, J Zico and Koltun, Vladlen},
  journal={arXiv preprint arXiv:1803.01271},
  year={2018}
}

@article{cai2019dtwnet,
  title={Dtwnet: a dynamic time warping network},
  author={Cai, Xingyu and Xu, Tingyang and Yi, Jinfeng and Huang, Junzhou and Rajasekaran, Sanguthevar},
  journal={Advances in neural information processing systems},
  volume={32},
  year={2019}
}

@article{pei2016modeling,
  title={Modeling time series similarity with siamese recurrent networks},
  author={Pei, Wenjie and Tax, David MJ and van der Maaten, Laurens},
  journal={arXiv preprint arXiv:1603.04713},
  year={2016}
}

@online{yf2024gld,
    author       = {{Yahoo Finance}},
    title        = {SPDR Gold Shares (GLD) Quote},
    url          = {https://finance.yahoo.com/quote/GLD},
    urldate      = {2024-06-21},
    date         = {2024-06-21},
    langid       = {english}
}

@online{yf2024sp500,
    author       = {{Yahoo Finance}},
    title        = {S\&P 500 Index (\^GSPC) Quote},
    url          = {https://finance.yahoo.com/quote/%5EGSPC},
    urldate      = {2024-06-21},
    date         = {2024-06-21},
    langid       = {english}
}

@article{attention2023,
  author={Wen, Xianyun and Li, Weibang},
  journal={IEEE Access}, 
  title={Time Series Prediction Based on LSTM-Attention-LSTM Model}, 
  year={2023},
  volume={11},
  number={},
  pages={48322-48331},
  keywords={Time series analysis;Predictive models;Forecasting;Data models;Logic gates;Decoding;Autoregressive processes;Time series forecasting;long short-term memory networks;encoder and decoder model;attention mechanisms},
  doi={10.1109/ACCESS.2023.3276628}}

@article{AMS1965,
author    = {James W. Cooley and John W. Tukey},
  title     = {An Algorithm for the Machine Calculation of Complex Fourier Series},
  journal   = {Mathematics of Computation},
  year      = {1965},
  volume    = {19},
  publisher = {American Mathematical Society},
  url       = {https://community.ams.org/journals/mcom/1965-19-090/S0025-5718-1965-0178586-1/S0025-5718-1965-0178586-1.pdf}
}

@online{ChatGPT2024,
    author       = {ChatGPT},
    title        = {ChatGPT},
    url          = {https://chatgpt.com/},
    urldate      = {2024-06-25},
    date         = {2024-06-25},
    langid       = {english}
}

@online{Gray2018,
  author = {Chad Gray},
  title = {Walk-forward Modeling for Building Robust Predictive Models},
  year = {2018},
  journal = {The Alpha Scientist},
  url = {https://alphascientist.com/walk_forward_model_building.html},
  note = {Accessed: 2024-06-25}
}

@article{phuoc2024applying,
  title={Applying machine learning algorithms to predict the stock price trend in the stock market--The case of Vietnam},
  author={Phuoc, Tran and Anh, Pham Thi Kim and Tam, Phan Huy and Nguyen, Chien V},
  journal={Humanities and Social Sciences Communications},
  volume={11},
  number={1},
  pages={1--18},
  year={2024},
  publisher={Palgrave}
}

@article{van2016wavenet,
  title={Wavenet: A generative model for raw audio},
  author={Van Den Oord, Aaron and Dieleman, Sander and Zen, Heiga and Simonyan, Karen and Vinyals, Oriol and Graves, Alex and Kalchbrenner, Nal and Senior, Andrew and Kavukcuoglu, Koray and others},
  journal={arXiv preprint arXiv:1609.03499},
  volume={12},
  year={2016}
}

@article{parekh2022dl,
  title={DL-GuesS: Deep learning and sentiment analysis-based cryptocurrency price prediction},
  author={Parekh, Raj and Patel, Nisarg P and Thakkar, Nihar and Gupta, Rajesh and Tanwar, Sudeep and Sharma, Gulshan and Davidson, Innocent E and Sharma, Ravi},
  journal={IEEE Access},
  volume={10},
  pages={35398--35409},
  year={2022},
  publisher={IEEE}
}
